@inproceedings{goltz2018ableton,
  title={Ableton Link--A technology to synchronize music software},
  author={Goltz, Florian},
  booktitle={Linux Audio Conference 2018},
  pages={39},
  year={2018}
}

@misc{jepsen,
  author = "{Kingsbury, Kyle}",
  title = "Jepsen - A framework for distributed systems verification, with fault injection",
  year = "2018",
  url = "https://github.com/jepsen-io/jepsen",
  note = "[Online; accessed 6-August-2018]"
}
